<record><leader>00000cas a2200000 a 4500</leader><controlfield tag="001">16317423</controlfield><controlfield tag="008">870730c19749999paudn ne      0    0eng c</controlfield><datafield ind1=" " ind2=" " tag="010"><subfield code="a">sn 87078256 </subfield></datafield><datafield ind1=" " ind2=" " tag="040"><subfield code="a">NPH</subfield><subfield code="b">eng</subfield><subfield code="c">NPH</subfield><subfield code="d">NYS</subfield><subfield code="d">OCLCQ</subfield><subfield code="d">CUS</subfield><subfield code="d">OCLCQ</subfield><subfield code="d">OCLCF</subfield><subfield code="d">OCLCO</subfield></datafield><datafield ind1=" " ind2=" " tag="032"><subfield code="a">142500</subfield><subfield code="b">USPS</subfield></datafield><datafield ind1=" " ind2=" " tag="037"><subfield code="b">127 W. Apple St., Connellsville, PA 15425</subfield></datafield><datafield ind1=" " ind2=" " tag="042"><subfield code="a">pcc</subfield></datafield><datafield ind1=" " ind2=" " tag="043"><subfield code="a">n-us-pa</subfield></datafield><datafield ind1="0" ind2=" " tag="130"><subfield code="a">Daily courier (Connellsville, Pa.)</subfield></datafield><datafield ind1="1" ind2="4" tag="245"><subfield code="a">The daily courier.</subfield></datafield><datafield ind1=" " ind2=" " tag="260"><subfield code="a">[Connellsville, Pa.] :</subfield><subfield code="b">Courier Co.,</subfield><subfield code="c">1974-</subfield></datafield><datafield ind1=" " ind2=" " tag="300"><subfield code="a">v. :</subfield><subfield code="b">ill. (some col.) ;</subfield><subfield code="c">58 cm.</subfield></datafield><datafield ind1=" " ind2=" " tag="310"><subfield code="a">Daily (except Sunday)</subfield></datafield><datafield ind1="0" ind2=" " tag="362"><subfield code="a">Vol. 73, no. 59 (Jan. 21, 1974)-</subfield></datafield><datafield ind1=" " ind2=" " tag="500"><subfield code="a">"Serving the Fay-West area."</subfield></datafield><datafield ind1=" " ind2=" " tag="588"><subfield code="a">Latest issue consulted: Aug. 1, 2000.</subfield></datafield><datafield ind1=" " ind2="0" tag="651"><subfield code="a">Connellsville (Pa.)</subfield><subfield code="v">Newspapers.</subfield></datafield><datafield ind1=" " ind2="7" tag="655"><subfield code="a">Newspapers.</subfield><subfield code="2">fast</subfield><subfield code="0">(OCoLC)fst01423814</subfield></datafield><datafield ind1=" " ind2="7" tag="651"><subfield code="a">Pennsylvania</subfield><subfield code="z">Connellsville.</subfield><subfield code="2">fast</subfield><subfield code="0">(OCoLC)fst01222066</subfield></datafield><datafield ind1=" " ind2=" " tag="752"><subfield code="a">United States</subfield><subfield code="b">Pennsylvania</subfield><subfield code="c">Fayette</subfield><subfield code="d">Connellsville.</subfield></datafield><datafield ind1=" " ind2=" " tag="752"><subfield code="a">United States</subfield><subfield code="b">Pennsylvania</subfield><subfield code="c">Westmoreland.</subfield></datafield><datafield ind1="0" ind2="0" tag="780"><subfield code="t">Courier (Connellsville, Pa. : Daily)</subfield><subfield code="w">(DLC)sn 86081825</subfield></datafield><datafield ind1="4" ind2="1" tag="856"><subfield code="u">http://www.dailycourier.com/</subfield></datafield></record>